<?xml version="1.0" encoding="UTF-8"?><collection xmlns="http://www.loc.gov/MARC21/slim"><record><leader>00447nam--2200133-i-4500</leader><controlfield tag="001">000010678</controlfield><controlfield tag="002">20161230</controlfield><controlfield tag="005">20161230201028</controlfield><controlfield tag="008">060222s1000------------r-----000-0-eng-d</controlfield><datafield ind1=" " ind2=" " tag="080"><subfield code="a">616:021.039.83:614.876</subfield></datafield><datafield ind1=" " ind2=" " tag="100"><subfield code="a">Bouchard-walbaum, Alain</subfield></datafield><datafield ind1=" " ind2=" " tag="245"><subfield code="a">Contribution a l`etudedes utilisations medica les de l`in 113 m. probleme de protection du personnel. these</subfield></datafield><datafield ind1=" " ind2=" " tag="260"><subfield code="a">Reims, Universite De Reims-faculte De Medicine 1972 70 P</subfield></datafield><datafield ind1=" " ind2=" " tag="852"><subfield code="a">38975</subfield></datafield></record></collection>